
@article{spec_funding, title={ Understanding Special Education Funding}, url={http://www.understandingspecialeducation.com/special-education-funding.html}, journal={Understanding Special Education Funding}}

@article{special_grants, title={Special Education Programs}, url={https://www2.ed.gov/programs/osepgts/index.html}, journal={Special Education -- Grants to States}, publisher={US Department of Education (ED)}, year={2016}, month={May}}

@article{diagnostic_criteria_adhd, title={Diagnostic criteria for Attention-Deficit/Hyperactivity Disorder}, url={http://behavenet.com/node/21488}, journal={Diagnostic criteria for Attention-Deficit/Hyperactivity Disorder | Behavenet}}

@article{pelham_fabiano_massetti_2005, title={Evidence-Based Assessment of Attention Deficit Hyperactivity Disorder in Children and Adolescents}, volume={34}, DOI={10.1207/s15374424jccp3403_5}, number={3}, journal={Journal of Clinical Child & Adolescent Psychology}, author={Pelham, Jr. William E. and Fabiano, Gregory A. and Massetti, Greta M.}, year={2005}, pages={449–476}}

@article{canvas, title={Strategizer}, url={https://strategyzer.com/canvas}, journal={Strategyzer | Canvases}}

@article{neurocore_loc, title={Michigan brain performance firm hires famed neurologist and author}, url={http://www.mlive.com/business/west-michigan/index.ssf/2016/04/michigan_brain_performance_fir.html}, journal={MLive.com}, publisher={MLive.com}, author={smartinez@mlive.com, Shandra Martinez |}, year={2016}, month={Apr}}

@article{boser_2017, title={Perspective | Betsy DeVos has invested millions in this ‘brain training’ company. So I checked it out.}, url={https://www.washingtonpost.com/posteverything/wp/2017/05/26/betsy-devos-neurocore/?utm_term=.804b512de705}, journal={The Washington Post}, publisher={WP Company}, author={Boser, Ulrich}, year={2017}, month={May}}

@article{cognifit, title={CogniFit}, url={https://www.cognifit.com/}, journal={Brain Training, Brain Games, Memory Games, and Brain Fitness with CogniFit}}

@article{autism_society, title={Facts and Statistics}, url={http://www.autism-society.org/what-is/facts-and-statistics/}, journal={Autism Society}}

@article{grants, title={Program Description}, url={https://www2.ed.gov/programs/osepgts/index.html}, journal={Special Education Grants to States}, publisher={US Department of Education (ED)}, year={2016}, month={May}}

@article{elevateapp, title={Elevate - Your Personal Brain Trainer}, url={https://www.elevateapp.com/}, journal={elevateapp.com}}

@article{lumosity, title={Brain Games & Brain Training - Lumosity}, url={https://www.lumosity.com/}, journal={Brain Games & Brain Training - Lumosity}}

@article{nervanix, title={Nervanix overview}, url={http://www.nervanix.com/company-overview/}, journal={Nervanix}}

@article{braintrain, title={Brain Train}, url={http://www.braintrain.com/}, journal={BrainTrain}}

@article{play_attention, title={Play Attention}, url={http://www.playattention.com/}, journal={Play Attention}, year={2017}, month={Jan}}

@article{goldman_2012, title={The Problems With Software Patents (Part 1 of 3)}, url={https://www.forbes.com/sites/ericgoldman/2012/11/28/the-problems-with-software-patents/#7155b044391e}, journal={Forbes}, publisher={Forbes Magazine}, author={Goldman, Eric}, year={2012}, month={Dec}}

@article{patent_book, edition={999685907X}, title={How To Protect and Benefit From Your Ideas }, author={Law Association, American Patent }, year={1981}}

@article{neuro_licence_agreement, title={License Agreement}, url={https://store.NeuroSky.com/pages/license-agreement}, journal={License Agreement | Hardware & Software Information | NeuroSky Store}}

@article{about_neurosky, title={About NeuroSky | ECG & EEG Biosensors | NeuroSky}, url={http://NeuroSky.com/about-NeuroSky/}, journal={NeuroSky About NeuroSky Comments}}

@article{publish, url={http://developer.NeuroSky.com/docs/doku.php?id=publishing_requirements}, journal={ NeuroSky Developer Publishing Requirements}, year={2014}, month={May}}

@article{app_standard, title={Introduction}, url={http://developer.NeuroSky.com/docs/doku.php?id=app_standards}, journal={App Standards NeuroSky Developer }, year={2014}, month={Jun}}

@article{trademark_search, title={Search trademark database}, url={https://www.uspto.gov/trademarks-application-process/search-trademark-database}, journal={United States Patent and Trademark Office - An Agency of the Department of Commerce}, author={Trademarks}}

@article{about_trademark, title={How Long Does a Trademark Last?}, url={https://www.legalzoom.com/articles/how-long-does-a-trademark-last}, journal={legalzoom.com}, year={2017}, month={Aug}}

@article{copyright_article, title={Copyright Registration of Computer Programs}, url={https://www.copyright.gov/circs/circ61.pdf}, journal={Copyright Registration of Computer Programs}, publisher={CIRCULAR 61}, author={U.S. Copyright Office}}

@article{termsfeed_2016, title={Examples of EULAs for Mobile Apps}, url={https://termsfeed.com/blog/examples-eulas-mobile-apps/}, journal={TermsFeed}, year={2016}, month={Oct}}


@article{termsfeed_2017, title={Sample Terms and Conditions Template}, url={https://termsfeed.com/blog/sample-terms-and-conditions-template/}, journal={TermsFeed}, year={2017}, month={Oct}}

@article{goldman_2012, title={The Problems With Software Patents (Part 1 of 3)}, url={https://www.forbes.com/sites/ericgoldman/2012/11/28/the-problems-with-software-patents/#7155b044391e}, journal={Forbes}, publisher={Forbes Magazine}, author={Goldman, Eric}, year={2012}, month={Dec}}

@article{boitnott, title={5 Reasons Why an LLC is the Right Structure for Your Startup}, url={https://www.inc.com/john-boitnott/5-reasons-why-an-llc-is-the-right-structure-for-your-startup.html}, journal={Inc.com}, publisher={Inc.}, author={Boitnott, John}}

@article{protect_IP, title={To protect your source code, treat it like intellectual property}, url={https://sdtimes.com/to-protect-your-source-code-treat-it-like-intellectual-property/}, journal={SD Times}, year={2011}, month={Jul}}

@article{mergent_intellect, title={Mergent Intellect}, url={http://www.mergentintellect.com.proxy.library.nd.edu/index.php/search/index}, journal={Mergent Intellect}}

@article{samuels_2017, title={Number of U.S. Students in Special Education Ticks Upward}, url={https://www.edweek.org/ew/articles/2016/04/20/number-of-us-students-in-special-education.html}, journal={Education Week}, author={Samuels, Christina A.}, year={2017}, month={Mar}}

@article{spec_enroll, url={https://nces.ed.gov/programs/coe/indicator_cgb.asp}, journal={The Condition of Education - Participation in Education - Elementary/Secondary - Public Charter School Enrollment - Indicator March (2017)}}

@article{scientific_learning_2017, title={10 Trends to Watch in Special Education in 2015}, url={http://www.scilearn.com/blog/2015-special-education-trends}, journal={Scientific Learning}, year={2017}, month={Jan}}

@article{brainmasterscom, title={Neurofeedback - Brainmaster Technologies - Neurofeedback Equipment}, url={http://brainmaster.com/}, journal={BrainMaster Technologies Inc.}}

@article{bmlocation, title={Brainmasters Locations}, url={http://www.brainenrichmentcenter.com/locate-us/}, journal={Location}}

@article{imotions, title={Psychology}, url={https://imotions.com/psychology/}, journal={iMotions}}

@article{pitchbook, title={iMotions Company Profile: Valuation & Investors | PitchBook}, url={https://pitchbook.com/profiles/company/88769-35}, journal={Company Profile: Valuation & Investors | PitchBook}}

@article{bloomberg, title={Bloomberg Reasearch}, url={https://www.bloomberg.com/research/stocks/private/snapshot.asp?privcapid=286573939}, journal={Bloomberg.com}, publisher={Bloomberg}}

@article{neurocore, title={Find a Neurocore Brain Performance Center Near You}, url={https://www.neurocorecenters.com/neurological-treatment-brain-performance-centers#locations}, journal={Neurocore}}


@article{pelham_fabiano_2008, title={Evidence-Based Psychosocial Treatments for Attention-Deficit/Hyperactivity Disorder}, volume={37}, DOI={10.1080/15374410701818681}, number={1}, journal={Journal of Clinical Child & Adolescent Psychology}, author={Pelham, William E. and Fabiano, Gregory A.}, year={2008}, month={Mar}, pages={184–214}}

@article{trucking, title={Truck Drivers in the USA}, url={http://www.alltrucking.com/faq/truck-drivers-in-the-usa/}, journal={Truck Drivers in the USA}}

@article{bus, title={Bus Drivers, Transit and Intercity}, url={https://www.bls.gov/oes/current/oes533021.htm}, journal={U.S. Bureau of Labor Statistics}, publisher={U.S. Bureau of Labor Statistics}}


@article{biopac, title={Ground vs. reference for EEG recording}, url={https://www.biopac.com/knowledge-base/ground-vs-reference-for-eeg-recording/}, journal={BIOPAC Systems, Inc.}}

@book{adhd_book, place={London}, title={Attention deficit hyperactivity disorder: diagnosis and management of ADHD in children, young people and adults}, publisher={British Psychological Society & Royal College of Psychiatrists}, year={2009}}

@article{neurosky, title={EEG Sensors - EEG Headsets}, url={http://neurosky.com/biosensors/eeg-sensor/biosensors/}, journal={NeuroSky}}


@article{neurosky_bci, title={BCI: What is it, and where is it going?}, url={http://neurosky.com/2016/11/bci-what-is-it-and-where-is-it-going/}, journal={NeuroSky}}

@article{imotions_2017, title={What is EEG (Electroencephalography) and how does it work?}, url={https://imotions.com/blog/what-is-eeg/}, journal={iMotions}, year={2017}, month={Aug}}

@article{luxury, url={https://www.bing.com/cr?IG=CEF2B8DC6DE64B2394486F5358677E91&CID=18CB89CB132E6E732C2782C912286FFD&rd=1&h=CrBJoPpaiof25toj4ZfW63rrSKFPd7P4mK-xnx9yoto&v=1&r=https\%3a\%2f\%2fww2.frost.com\%2ffrost-perspectives\%2fdriver-monitoring-systemssafety-enabler-or-luxury-promoter-future-passenger-vehicles}}

@article{drowsy, title={Facts and Stats}, url={http://drowsydriving.org/about/facts-and-stats/}, journal={Drowsy Driving Stay Alert Arrive Alive RSS}}

@article{national_sleep, title={White Paper: Consequences of Drowsy Driving}, url={https://sleepfoundation.org/white-paper-consequences-drowsy-driving}, journal={National Sleep Foundation}}

@article{nagel, title = {Biopotential Amplifiers}, url={http://www.fis.uc.pt/data/20062007/apontamentos/apnt_134_6.pdf}}

@article{mindtech, title={TrainDHD}, url={https://mindtechapps.com/traindhd/}, journal={Mindtech apps}}
@article{RicsiSzakdoga, title={Laboratory Practice }, publisher={Pazmany Peter Catholic University}, author={Sztoljár Richárd}}

@misc{neurosky3,title={Neurosky Developer}, url={http://www.bing.com/cr?IG=B776CA680CCE4620A059BD5210B3E5D3&CID=04633D3A175C6A430D1C3638165A6BD8&rd=1&h=00aoL6YeU4RRwumdHQ5obUpatx-wf1yhJKf3830Tdis&v=1&r=http\%3a\%2f\%2fdeveloper.neurosky.com\%2fdocs\%2fdoku.php\%3fid\%3desenses_tm&p=DevEx,5064.1}}

@article{mannes_2016, title={NeuroSky helps patients with locked-in syndrome communicate}, url={https://techcrunch.com/2016/07/28/neurosky-helps-patients-with-locked-in-syndrome-communicate/}, journal={TechCrunch}, publisher={TechCrunch}, author={Mannes, John}, year={2016}, month={Jul}}

@article{neu, title={A key to communication for locked-in syndrome patients}, url={http://news.northeastern.edu/2014/04/key-to-locked-in-syndrome/}, journal={News Northeastern A key to communication for lockedin syndrome patients Comments}}

@article{  yusuf, title={Eyegaze Assistive Technology Products}, url={http://www.eyegaze.com/eyegaze-assistive-technology-products/}, journal={Posts by Jamal Yusuf}}
@article{plessey, title={Automotive – Seatback – ECG sensing}, url={http://www.plesseysemiconductors.com/applications/automotive/}, journal={Plessey}}

@article{f&s_car, url={https://www.bing.com/cr?IG=C16118ED92914FD79D888EB9F9658F70&CID=1267524A41C56B2D2C5E594840C36A12&rd=1&h=uOV1ZLhhdxn_V-s3sTUPzbJ0BQ__HObd-CnSp875j84&v=1&r=http\%3a\%2f\%2fwww.giiresearch.com\%2freportv\%2ffs370941-analysis-driver-monitoring-systems-passenger-cars.html\&p=DevEx,5064.1}}

@article{teplan, title={Fundamentals of EEG measurement}, url={http://www.measurement.sk/2002/S2/Teplan.pdf}, author={M. Teplan}}

@article{unlock_locked_in,
title = "“The locked-in syndrome”: Can it be unlocked?",
journal = "Journal of Clinical Gerontology and Geriatrics",
volume = "2",
number = "4",
pages = "96 - 99",
year = "2011",
note = "",
issn = "2210-8335",
author = "Kunal Khanna and Ajit Verma and Bella Richard",}

@article{cognitive_lockedin, title={Cognitive function in the locked-in syndrome}, volume={255}, DOI={10.1007/s00415-008-0544-0}, number={3}, journal={Journal of Neurology}, author={Schnakers*, Caroline and Majerus, Steve and Goldman, Serge and Boly*, Melanie and Eeckhout, Philippe and Gay, Stephane and Pellas, Frederic and Bartsch, Valerie and Peigneux, Philippe and Moonen, Gustave and et al.}, year={2008}, pages={323–330}}

@article{locked_laureys, title={The locked-in syndrome : what is it like to be conscious but paralyzed and voiceless?}, url={https://www.ncbi.nlm.nih.gov/pubmed/16186044/}, journal={Progress in brain research.}, publisher={U.S. National Library of Medicine}, author={Laureys, S and Pellas, F and Van, P and Ghorbel, S and Schnakers, C and Perrin, F and Berré, J and Faymonville, M E and Pantke, K H and Damas, F and et al.}}

@article{rousseau, title={Quality of life in patients with locked-in syndrome: Evolution over a 6-year period}, url={https://ojrd.biomedcentral.com/articles/10.1186/s13023-015-0304-z}, journal={Orphanet Journal of Rare Diseases}, publisher={BioMed Central}, author={Rousseau, Marie-Christine and Baumstarck, Karine and Alessandrini, Marine and Blandin, Véronique and Villemeur, Thierry Billette de and Auquier, Pascal}, year={2015}, month={Jul}}

@article{locked_webpage, title={Locked-in syndrome}, url={https://rarediseases.info.nih.gov/diseases/6919/locked-in-syndrome}, journal={Genetic and Rare Diseases Information Center}, publisher={U.S. Department of Health and Human Services}}

@article{cost, title={The economic impact of attention-deficit/hyperactivity disorder in children and adolescents}, url={https://www.niehs.nih.gov/research/resources/eheaNIEHS/ehea/resources/page782819.cfm}, journal={National Institute of Environmental Health Sciences}, publisher={U.S. Department of Health and Human Services}}

@article{niels, title={Prevalence of locked-in syndrom}, url={http://www.gocognitive.net/interviews/prevalence-locked-syndrom}, journal={Prevalence of locked-in syndrom | GoCognitive}, author={Birbaumer, Niels}}

@article{smith_delargy_2005, 
title={Locked-in syndrome}, 
journal={BMJ : British Medical Journal},
publisher={BMJ Publishing Group Ltd.},
author={Smith, Eimear and Delargy, Mark}, 
year={2005}}

@misc{orphanet_LIS, title={The portal for rare diseases and orphan drugs}, url={http://www.orpha.net/consor/cgi-bin/Disease_Search.php?lng=EN&data_id=751&Disease_Disease_Search_diseaseGroup=locked-in&Disease_Disease_Search_diseaseType=Pat&Disease\%28s\%29 concerned=Locked-in-syndrome&title=Locked-in-syndrome&search=Disease_Search_Simple}, journal={Orphanet: Locked in syndrome}, author={Dr. Marie-Aurélie Bruno, Dr. Steven Laureys}}

@article{lugo, title={Cognitive Processing in Non-Communicative Patients: What Can Event-Related Potentials Tell Us?}, journal={Frontiers in Human Neuroscience}, publisher={Frontiers Media S.A.}, author={Lugo, Zulay R. and Quitadamo, Lucia R. and Bianchi, Luigi and Pellas, Fréderic and Veser, Sandra and Lesenfants, Damien and Real, Ruben G. L. and Herbert, Cornelia and Guger, Christoph and Kotchoubey, Boris and et al.}, year={2016}}

@article{phd, title={Locked-in Syndrome: Causes, Statistics, and Prognosis}, url={http://www.medicinenet.com/locked-in_syndrome/article.htm#locked-in_syndrome_facts}, journal={MedicineNet}, author={PhD, Charles Patrick Davis MD}}

@article{adhd_data, title={Centers for Disease Control and Prevention}, url={https://www.cdc.gov/ncbddd/adhd/data.html}, journal={Centers for Disease Control and Prevention}, year={2017}}

@article{healthline_adhd, title={Healthline Media}, url={http://www.healthline.com/health/adhd/facts-statistics-infographic#1}, journal={Healthline Media}, year={2014}}

@article{adhd_general, title={Attention-Deficit / Hyperactivity Disorder (ADHD)}, url={https://www.cdc.gov/ncbddd/adhd/}, journal={Centers for Disease Control and Prevention}, year={2017}}

@article{drowsy_sleepfoundation, title={Facts and Stats}, url={http://drowsydriving.org/about/facts-and-stats/}, journal={Drowsy Driving Stay Alert Arrive Alive RSS}}

@article{NHTSA_driving, title={Drowsy Driving}, url={https://www.nhtsa.gov/risky-driving/drowsy-driving}, journal={NHTSA}, author={Andrew Currin}, year={2017}}

@article{real_time_attention_mon, title={A Real-Time Driver Visual Attention Monitoring System}, url={https://link.springer.com/chapter/10.1007/11492429_25}, journal={SpringerLink}, publisher={Springer, Berlin, Heidelberg}, author={Batista, Jorge P.}, year={2005}}

@article{bci_fs, title={Brain Computer Interface (BCI) Opportunities (TechVision)}, url={https://store.frost.com/brain-computer-interface-bci-opportunities-techvision.html}, journal={Frost & Sullivan}, year={2016}, month={July}}

@article{wearable, title={Wearable Devices in Healthcare 2015-2020}, url={https://www.marketresearch.com/Mind-Commerce-Publishing-v3122/Wearable-Devices-Healthcare-8142607/}, journal={Market Research}, publisher={Mind Commerce}, year={2014}, month={May}}

@article{bci_abra, title={Software}, url={http://www.neurotechcenter.org/software}, journal={Software | National Center for Adaptive Neurotechnologies}}

@article{kapreans, title={Brain Computer Interface(BCI)}, url={http://kapreans.com/brain.html}, journal={Kapreans.com}}

@article{brainfacts, title={Locked-In Syndrome}, url={http://www.brainfacts.org/diseases-disorders/diseases-a-to-z-from-ninds/locked-in-syndrome/}, journal={BrainFacts.org}, publisher={Society for Neuroscience}}

@article{develop, title={Activity Lifecycle}, url={https://developer.android.com/training/basics/activity-lifecycle/ starting.html}, journal={Developer Android}}

@article{market_ADHD, title={U.S. Attention Deficit Hyperactivity Disorder (ADHD) Markets}, url={https://www.frost.com/sublib/frost-content.do?sheetName=report-overview&sheetGroup=A450-01-00-00-00&viewName=virtual-brochure&repid=A450-01-00-00-00}, journal={U.S. Attention Deficit Hyperactivity Disorder (ADHD) Markets}, publisher={Frost & Sullivan}}

@article{towards_cont_mon,
author = {Pavle Mijović and Vanja Ković and Maarten De Vos and Ivan Mačužić and Petar Todorović and Branislav Jeremić and Ivan Gligorijević},
title = {Towards continuous and real-time attention monitoring at work: reaction time versus brain response},
journal = {Ergonomics},
volume = {60},
number = {2},
pages = {241-254},
year = {2017},
doi = {10.1080/00140139.2016.1142121},
    note ={PMID: 26772445},}

@article{BCI_in_medicine, title={Brain-Computer Interfaces in Medicine}, url={https://www.ncbi.nlm.nih.gov/pmc/articles/PMC3497935/}, journal={Mayo Clinic Proceedings}, publisher={Mayo Foundation}, author={Shih, Jerry J. and Krusienski, Dean J. and Wolpaw, Jonathan R.}, year={2012}}

@article{bci_sciencedirect, title={Brain computer interfacing: Applications and challenges}, url={http://www.sciencedirect.com/science/article/pii/S1110866515000237}, journal={Brain computer interfacing: Applications and challenges - ScienceDirect}}

@article{utrech_neuroprosthesis, title={About Brain Computer Interface}, url={http://neuroprosthesis.eu/?page_id=61}, journal={Utrecht NeuroProsthesis}}

@article{lis_therapy, title={The locked-in syndrome: a challenge for therapy}, url={https://link.springer.com/chapter/10.1007/3-211-27577-0_39}, journal={SpringerLink}, publisher={Springer, Vienna}, author={León-Carrión, J. and Eeckhout, P. Van and Domínguez-Morales, M. R.}, year={1970}}

@article{adhd_therapy, title={ADHD: Clinical Practice Guideline for the Diagnosis, Evaluation, and Treatment of Attention-Deficit/Hyperactivity Disorder in Children and Adolescents}, publisher={American Academy of Pediatrics}, author={Subcommittee on Attention-Deficit/Hyperactivity Disorder, Steering Committee on Quality Improvement and Management}, year={2011}}

@article{lewin, title={In-car monitoring systems help keep drivers alert}, url={http://www.autonews.com/article/20081006/OEM06/310069917/in-car-monitoring-systems-help-keep-drivers-alert}, journal={Automotive News}, author={Lewin, Tony}}

@article{matiko_beeby_tudor_2013, title={Real time eye blink noise removal from EEG signals using morphological component analysis}, DOI={10.1109/embc.2013.6609425}, journal={2013 35th Annual International Conference of the IEEE Engineering in Medicine and Biology Society (EMBC)}, author={Matiko, Joseph W. and Beeby, Stephen and Tudor, John}, year={2013}}